@manual{skripta,
author = {Božidar Križan},
title = {Interna skripta iz kolegija Elementi strojeva 2 za konstrukcijske vježbe},
year = {2018},
organization = {Politehnika Pula},
}
@book{krivzan1998osnove,
  title={Osnove prora{\v{c}}una i oblikovanja konstrukcijskih elemenata},
  author={Kri{\v{z}}an, Bo{\v{z}}idar},
  publisher = {{\v{S}}kolska knjiga, Zagreb},
  year={2008}
}


